%% This BibTeX bibliography file was created using BibDesk.
%% https://bibdesk.sourceforge.io/

%% Created for erik at 2024-09-28 4:51:03 PM +0800 


%% Saved with string encoding Unicode (UTF-8) 



@conference{senticnet,
	Address = {Washington DC, USA},
	Author = {Cambria, Erik and Zhang, Xulang and Mao, Rui and Chen, Melvin and Kwok, Kenneth},
	Booktitle = {{Proceedings of the International Conference on Human-Computer Interaction (HCII)}},
	Date-Added = {2024-09-28 8:51:02 AM +0000},
	Date-Modified = {2024-09-28 8:51:02 AM +0000},
	Keywords = {sentic},
	Title = {{SenticNet} 8: Fusing Emotion {AI} and Commonsense {AI} for Interpretable, Trustworthy, and Explainable Affective Computing},
	Year = {2024}}

@article{primenet,
	Author = {Liu, Qian and Han, Sooji and Li, Yang and Cambria, Erik and Kwok, Kenneth},
	Date-Added = {2024-09-28 8:51:02 AM +0000},
	Date-Modified = {2024-09-28 8:51:02 AM +0000},
	Journal = {Cognitive Computation},
	Keywords = {sentic},
	Title = {{PrimeNet}: A Framework for Commonsense Knowledge Representation and Reasoning Based on Conceptual Primitives},
	Year = {2024}}

@book{nlu,
	Author = {Cambria, Erik},
	Date-Added = {2024-09-28 8:51:02 AM +0000},
	Date-Modified = {2024-09-28 8:51:02 AM +0000},
	Keywords = {sentic},
	Publisher = {Springer, ISBN 978-3-031-73973-6},
	Title = {Understanding Natural Language Understanding},
	Year = {2024}}

@article{7pillars,
	Author = {Cambria, Erik and Mao, Rui and Chen, Melvin and Wang, Zhaoxia and Ho, Seng-Beng},
	Date-Added = {2024-09-28 8:51:02 AM +0000},
	Date-Modified = {2024-09-28 8:51:02 AM +0000},
	Journal = {{IEEE} Intelligent Systems},
	Keywords = {sentic},
	Number = {6},
	Pages = {62-69},
	Title = {Seven Pillars for the Future of Artificial Intelligence},
	Volume = {38},
	Year = {2023}}

@article{hourglass,
	Author = {Susanto, Yosephine and Livingstone, Andrew and Ng, Bee Chin and Cambria, Erik},
	Date-Added = {2024-09-28 8:51:02 AM +0000},
	Date-Modified = {2024-09-28 8:51:02 AM +0000},
	Journal = {{IEEE} Intelligent Systems},
	Keywords = {sentic},
	Number = {5},
	Pages = {96-102},
	Title = {The {H}ourglass {M}odel Revisited},
	Volume = {35},
	Year = {2020}}

@conference{babelsenticnet,
	Author = {Vilares, David and Peng, Haiyun and Satapathy, Ranjan and Cambria, Erik},
	Booktitle = {{IEEE SSCI}},
	Date-Added = {2024-09-28 8:51:02 AM +0000},
	Date-Modified = {2024-09-28 8:51:02 AM +0000},
	Keywords = {sentic},
	Pages = {1292-1298},
	Title = {{BabelSenticNet}: A Commonsense Reasoning Framework for Multilingual Sentiment Analysis},
	Year = {2018}}

@conference{blending,
	Author = {Cambria, Erik and Howard, Newton and Hsu, Jane and Hussain, Amir},
	Booktitle = {{IEEE SSCI}},
	Date-Added = {2024-09-28 8:51:02 AM +0000},
	Date-Modified = {2024-09-28 8:51:02 AM +0000},
	Keywords = {sentic},
	Pages = {108-117},
	Title = {Sentic Blending: Scalable Multimodal Fusion for Continuous Interpretation of Semantics and Sentics},
	Year = {2013}}

@article{jiisui,
	Author = {Ji, Shaoxiong and Pan, Shirui and Li, Xue and Cambria, Erik and Long, Guodong and Huang, Zi},
	Date-Added = {2024-09-28 8:51:02 AM +0000},
	Date-Modified = {2024-09-28 8:51:02 AM +0000},
	Journal = {IEEE Transactions on Computational Social Systems},
	Number = {1},
	Pages = {214-226},
	Title = {Suicidal Ideation Detection: A Review of Machine Learning Methods and Applications},
	Volume = {8},
	Year = {2021}}

@article{ngulea,
	Author = {Nguyen, Hien T and Duong, Phuc H and Cambria, Erik},
	Date-Added = {2024-09-28 8:51:02 AM +0000},
	Date-Modified = {2024-09-28 8:51:02 AM +0000},
	Journal = {Knowledge-Based Systems},
	Number = {104842},
	Title = {Learning Short-Text Semantic Similarity with Word Embeddings and External Knowledge Sources},
	Volume = {182},
	Year = {2019}}

@article{chalea,
	Author = {Chaturvedi, Iti and Ong, Yew-Soon and Tsang, Ivor and Welsch, Roy and Cambria, Erik},
	Date-Added = {2024-09-28 8:51:02 AM +0000},
	Date-Modified = {2024-09-28 8:51:02 AM +0000},
	Journal = {Knowledge-Based Systems},
	Pages = {144-154},
	Title = {Learning word dependencies in text by means of a deep recurrent belief network},
	Volume = {108},
	Year = {2016}}

@article{cambig,
	Author = {Cambria, Erik and Wang, Haixun and White, Bebo},
	Date-Added = {2024-09-28 8:51:02 AM +0000},
	Date-Modified = {2024-09-28 8:51:02 AM +0000},
	Journal = {Knowledge-Based Systems},
	Pages = {1-2},
	Title = {Guest Editorial: Big Social Data Analysis},
	Volume = {69},
	Year = {2014}}

@article{camsta,
	Author = {Cambria, Erik and Schuller, Bjoern and Liu, Bing and Wang, Haixun and Havasi, Catherine},
	Date-Added = {2024-09-28 8:51:02 AM +0000},
	Date-Modified = {2024-09-28 8:51:02 AM +0000},
	Journal = {{IEEE} Intelligent Systems},
	Number = {3},
	Pages = {6-9},
	Title = {Statistical approaches to concept-level sentiment analysis},
	Volume = {28},
	Year = {2013},
	Bdsk-Url-1 = {http://dx.doi.org/10.1109/MIS.2012.118}}

@conference{campat,
	Author = {Cambria, Erik and Hussain, Amir and Durrani, Tariq and Havasi, Catherine and Eckl, Chris and Munro, James},
	Booktitle = {IEEE ICSP10},
	Date-Added = {2024-09-28 8:51:02 AM +0000},
	Date-Modified = {2024-09-28 8:51:02 AM +0000},
	Pages = {1279-1282},
	Title = {Sentic Computing for Patient Centered Applications},
	Year = {2010}}

@incollection{camsen,
	Address = {Berlin Heidelberg},
	Author = {Cambria, Erik and Hussain, Amir and Havasi, Catherine and Eckl, Chris},
	Date-Added = {2024-09-28 8:51:02 AM +0000},
	Date-Modified = {2024-09-28 8:51:02 AM +0000},
	Pages = {148-156},
	Publisher = {Springer},
	Read = {0},
	Series = {Lecture Notes in Computer Science},
	Title = {Sentic Computing: Exploitation of Common Sense for the Development of Emotion-Sensitive Systems},
	Volume = {5967},
	Year = {2010},
	Bdsk-Url-1 = {http://dx.doi.org/10.1007/978-3-642-12397-9_12}}

@incollection{camcom,
	Address = {Berlin Heidelberg},
	Author = {Cambria, Erik and Hussain, Amir and Havasi, Catherine and Eckl, Chris},
	Booktitle = {Biometric ID Management and Multimodal Communication},
	Date-Added = {2024-09-28 8:51:02 AM +0000},
	Date-Modified = {2024-09-28 8:51:02 AM +0000},
	Pages = {252-259},
	Publisher = {Springer},
	Series = {Lecture Notes in Computer Science},
	Title = {Common Sense Computing: From the Society of Mind to Digital Intuition and Beyond},
	Volume = {5707},
	Year = {2009},
	Bdsk-Url-1 = {http://dx.doi.org/10.1007/978-3-642-04391-8_33}}

@inproceedings{teske2018automatic,
	Author = {Teske, Alexander and Falcon, Rafael and Abielmona, Rami and Petriu, Emil},
	Booktitle = {2018 IEEE Conference on Cognitive and Computational Aspects of Situation Management (CogSIMA)},
	Organization = {IEEE},
	Pages = {42--48},
	Title = {Automatic identification of maritime incidents from unstructured articles},
	Year = {2018}}

@inproceedings{mackenzie2021maritime,
	Author = {Mackenzie, Andrew and Teske, Alexander and Abielmona, Rami and Petriu, Emil},
	Booktitle = {2021 IEEE Symposium Series on Computational Intelligence (SSCI)},
	Organization = {IEEE},
	Pages = {01--06},
	Title = {Maritime Incident Information Extraction using Machine and Deep Learning Techniques},
	Year = {2021}}

@inproceedings{jidkov2020enabling,
	Author = {Jidkov, Vladislav and Abielmona, Rami and Teske, Alexander and Petriu, Emil},
	Booktitle = {2020 IEEE Symposium Series on Computational Intelligence (SSCI)},
	Organization = {IEEE},
	Pages = {2469--2476},
	Title = {Enabling maritime risk assessment using natural language processing-based Deep Learning Techniques},
	Year = {2020}}

@article{luo2021efficient,
	Author = {Luo, Xiaoyu},
	Journal = {Alexandria Engineering Journal},
	Number = {3},
	Pages = {3401--3409},
	Publisher = {Elsevier},
	Title = {Efficient English text classification using selected machine learning techniques},
	Volume = {60},
	Year = {2021}}

@article{basyal2023text,
	Author = {Basyal, Lochan and Sanghvi, Mihir},
	Journal = {arXiv preprint arXiv:2310.10449},
	Title = {Text summarization using large language models: a comparative study of MPT-7B-instruct, Falcon-7b-instruct, and OpenAI Chat-GPT models},
	Year = {2023}}

@article{amin2023will,
	Author = {Amin, Mostafa M and Cambria, Erik and Schuller, Bj{\"o}rn W},
	Journal = {IEEE Intelligent Systems},
	Number = {2},
	Pages = {15--23},
	Publisher = {IEEE},
	Title = {Will affective computing emerge from foundation models and general artificial intelligence? A first evaluation of ChatGPT},
	Volume = {38},
	Year = {2023}}

@article{amin2024wide,
	Author = {Amin, Mostafa M and Mao, Rui and Cambria, Erik and Schuller, Bj{\"o}rn W},
	Journal = {IEEE Transactions on Affective Computing},
	Publisher = {IEEE},
	Title = {A wide evaluation of ChatGPT on affective computing tasks},
	Year = {2024}}

@article{brown2020language,
	Author = {Brown, Tom B and Mann, Benjamin and Ryder, Nick and Subbiah, Melanie and Kaplan, Jared and Dhariwal, Prafulla and Neelakantan, Arvind and Shyam, Pranav and Sastry, Girish and Askell, Amanda and others},
	Journal = {Advances in Neural Information Processing Systems},
	Title = {Language Models are Few-Shot Learners},
	Volume = {33},
	Year = {2020}}

@article{chae2023large,
	Author = {Chae, Youngjin and Davidson, Thomas},
	Journal = {Open Science Foundation},
	Title = {Large language models for text classification: From zero-shot learning to fine-tuning},
	Year = {2023}}

@inproceedings{huang2024performance,
	Author = {Huang, Donghao and Hu, Zhenda and Wang, Zhaoxia},
	Booktitle = {2024 IEEE Conference on Artificial Intelligence (CAI)},
	Organization = {IEEE},
	Pages = {1081--1085},
	Title = {Performance Analysis of Llama 2 Among Other LLMs},
	Year = {2024}}

@inproceedings{huang2024evaluation,
	Author = {Huang, Donghao and Wang, Zhaoxia},
	Booktitle = {Pacific-Asia Conference on Knowledge Discovery and Data Mining},
	Organization = {Springer},
	Pages = {3--19},
	Title = {Evaluation of orca 2 against other llms for retrieval augmented generation},
	Year = {2024}}

@inproceedings{wang2013understanding,
  title={Understanding the effects of natural disasters as risks in supply chain management: A data analytics and visualization approach},
  author={Wang, Z and Goh, RSM and Yin, X and Loganathan, P and Fu, X and Lu, S},
  booktitle={2nd Annual Workshop on Analytics for Business, Consumer and Social Insights},
  year={2013}
}

@article{wang2023learning,
  title={Learning-based stock trending prediction by incorporating technical indicators and social media sentiment},
  author={Wang, Zhaoxia and Hu, Zhenda and Li, Fang and Ho, Seng-Beng and Cambria, Erik},
  journal={Cognitive Computation},
  volume={15},
  number={3},
  pages={1092--1102},
  year={2023},
  publisher={Springer}
}

@inproceedings{hu2021stock,
  title={Stock market trend forecasting based on multiple textual features: a deep learning method},
  author={Hu, Zhenda and Wang, Zhaoxia and Ho, Seng-Beng and Tan, Ah-Hwee},
  booktitle={2021 IEEE 33rd International Conference on Tools with Artificial Intelligence (ICTAI)},
  pages={1002--1007},
  year={2021},
  organization={IEEE}
}

@article{hu2023msrl,
  title={MSRL-Net: A multi-level semantic relation-enhanced learning network for aspect-based sentiment analysis},
  author={Hu, Zhenda and Wang, Zhaoxia and Wang, Yinglin and Tan, Ah-Hwee},
  journal={Expert Systems with Applications},
  volume={217},
  pages={119492},
  year={2023},
  publisher={Elsevier}
}
@inproceedings{wang2014anomaly,
  title={Anomaly detection through enhanced sentiment analysis on social media data},
  author={Wang, Zhaoxia and Joo, Victor and Tong, Chuan and Xin, Xin and Chin, Hoong Chor},
  booktitle={2014 IEEE 6th international conference on cloud computing technology and science},
  pages={917--922},
  year={2014},
  organization={IEEE}
}