@article{achiam2023gpt,
  title={Gpt-4 technical report},
  author={Achiam, Josh and Adler, Steven and Agarwal, Sandhini and Ahmad, Lama and Akkaya, Ilge and Aleman, Florencia Leoni and Almeida, Diogo and Altenschmidt, Janko and Altman, Sam and Anadkat, Shyamal and others},
  journal={arXiv preprint arXiv:2303.08774},
  year={2023}
}

@article{mitra2023orca,
  title={Orca 2: Teaching small language models how to reason},
  author={Mitra, Arindam and Del Corro, Luciano and Mahajan, Shweti and Codas, Andres and Simoes, Clarisse and Agarwal, Sahaj and Chen, Xuxi and Razdaibiedina, Anastasia and Jones, Erik and Aggarwal, Kriti and others},
  journal={arXiv preprint arXiv:2311.11045},
  year={2023}
}

@article{es2023ragas,
  title={Ragas: Automated evaluation of retrieval augmented generation},
  author={Es, Shahul and James, Jithin and Espinosa-Anke, Luis and Schockaert, Steven},
  journal={arXiv preprint arXiv:2309.15217},
  year={2023}
}

@inproceedings{di2023retrieval,
  title={Retrieval-augmented recommender system: Enhancing recommender systems with large language models},
  author={Di Palma, Dario},
  booktitle={Proceedings of the 17th ACM Conference on Recommender Systems},
  pages={1369--1373},
  year={2023}
}

@article{takagi2023performance,
  title={Performance of GPT-3.5 and GPT-4 on the Japanese medical licensing examination: comparison study},
  author={Takagi, Soshi and Watari, Takashi and Erabi, Ayano and Sakaguchi, Kota and others},
  journal={JMIR Medical Education},
  volume={9},
  number={1},
  pages={e48002},
  year={2023},
  publisher={JMIR Publications Inc., Toronto, Canada}
}

@article{lewis2020retrieval,
  title={Retrieval-augmented generation for knowledge-intensive nlp tasks},
  author={Lewis, Patrick and Perez, Ethan and Piktus, Aleksandra and Petroni, Fabio and Karpukhin, Vladimir and Goyal, Naman and K{\"u}ttler, Heinrich and Lewis, Mike and Yih, Wen-tau and Rockt{\"a}schel, Tim and others},
  journal={Advances in Neural Information Processing Systems},
  volume={33},
  pages={9459--9474},
  year={2020}
}
@article{chen2023benchmarking,
  title={Benchmarking large language models in retrieval-augmented generation},
  author={Chen, Jiawei and Lin, Hongyu and Han, Xianpei and Sun, Le},
  journal={arXiv preprint arXiv:2309.01431},
  year={2023}
}

@article{es2023ragas,
  title={Ragas: Automated evaluation of retrieval augmented generation},
  author={Es, Shahul and James, Jithin and Espinosa-Anke, Luis and Schockaert, Steven},
  journal={arXiv preprint arXiv:2309.15217},
  year={2023}
}

@article{liu2023reta,
  title={RETA-LLM: A Retrieval-Augmented Large Language Model Toolkit},
  author={Liu, Jiongnan and Jin, Jiajie and Wang, Zihan and Cheng, Jiehan and Dou, Zhicheng and Wen, Ji-Rong},
  journal={arXiv preprint arXiv:2306.05212},
  year={2023}
}

@article{saad2023ares,
  title={Ares: An automated evaluation framework for retrieval-augmented generation systems},
  author={Saad-Falcon, Jon and Khattab, Omar and Potts, Christopher and Zaharia, Matei},
  journal={arXiv preprint arXiv:2311.09476},
  year={2023}
}

@article{liu2024chatqa,
  title={ChatQA: Building GPT-4 Level Conversational QA Models},
  author={Liu, Zihan and Ping, Wei and Roy, Rajarshi and Xu, Peng and Shoeybi, Mohammad and Catanzaro, Bryan},
  journal={arXiv preprint arXiv:2401.10225},
  year={2024}
}

@article{lin2024revolutionizing,
  title={Revolutionizing Retrieval-Augmented Generation with Enhanced PDF Structure Recognition},
  author={Lin, Demiao},
  journal={arXiv preprint arXiv:2401.12599},
  year={2024}
}

@article{mitra2023orca,
  title={Orca 2: Teaching small language models how to reason},
  author={Mitra, Arindam and Del Corro, Luciano and Mahajan, Shweti and Codas, Andres and Simoes, Clarisse and Agarwal, Sahaj and Chen, Xuxi and Razdaibiedina, Anastasia and Jones, Erik and Aggarwal, Kriti and others},
  journal={arXiv preprint arXiv:2311.11045},
  year={2023}
}

@article{mukherjee2023orca,
  title={Orca: Progressive learning from complex explanation traces of gpt-4},
  author={Mukherjee, Subhabrata and Mitra, Arindam and Jawahar, Ganesh and Agarwal, Sahaj and Palangi, Hamid and Awadallah, Ahmed},
  journal={arXiv preprint arXiv:2306.02707},
  year={2023}
}

@inproceedings{adams2023meta,
  title={A meta-evaluation of faithfulness metrics for long-form hospital-course summarization},
  author={Adams, Griffin and Zuckerg, Jason and Elhadad, No{\'e}mie},
  booktitle={Machine Learning for Healthcare Conference},
  pages={2--30},
  year={2023},
  organization={PMLR}
}